<?xml version="1.0" encoding="UTF-8"?><record xmlns="http://www.loc.gov/MARC21/slim" xmlns:cinclude="http://apache.org/cocoon/include/1.0" xmlns:zs="http://www.loc.gov/zing/srw/">
  <leader>00386cz  a2200121n  4500</leader>
  <controlfield tag="001">n  96001914 </controlfield>
  <controlfield tag="003">DLC</controlfield>
  <controlfield tag="005">19960111134316.7</controlfield>
  <controlfield tag="008">960111n| acannaab|          |n aaa |||  </controlfield>
  <datafield tag="010" ind1=" " ind2=" ">
    <subfield code="a">n  96001914 </subfield>
  </datafield>
  <datafield tag="040" ind1=" " ind2=" ">
    <subfield code="a">DLC</subfield>
    <subfield code="c">DLC</subfield>
    <subfield code="d">DLC</subfield>
  </datafield>
  <datafield tag="100" ind1="1" ind2="0">
    <subfield code="a">Kleinhenz, Ralf G.,</subfield>
    <subfield code="d">1966-</subfield>
  </datafield>
  <datafield tag="670" ind1=" " ind2=" ">
    <subfield code="a">Die raĚumlichen Auswirkungen der Liegenschaftskonversion, 1994:</subfield>
    <subfield code="b">t.p. (Ralf G. Kleinhenz) personal hist. (b. 01-12-66</subfield>
  </datafield>
</record>